@book{gallo2003comunicaccao,
	title={Comunica{\c{c}}{\~a}o entre computadores e tecnologias de rede},
	author={Gallo, Michael A and Hancock, William S and da Silva, Fl{\'a}vio Soares Corr{\^e}a and de Freitas Carneiro, M{\'a}rcio Rodrigo and de Melo, Ana Cristina Vieira},
	year={2003},
	publisher={Pioneira Thomson Learning}
}

@book{forouzan2009comunicaccao,
	title={Comunica{\c{c}}{\~a}o de dados e redes de computadores},
	author={Forouzan, Behrouz A},
	year={2009},
	publisher={AMGH Editora}
}


@book{ross2009redes,
	title={Redes de Computadores},
	author={ROSS, Julio. },
	year={2008},
	publisher={Editora Antenna}
}

@online{WinNT,
	author = {MORIMOTO, Carlos E.},
	title = {Gateway},
	year = 2006,
	url = {http://www.hardware.com.br/termos/gateway},
	urldate = {2005-06-26}
}

 Gateway. Publicado em 26/6/2005. Acessado em 26/3/2011. Dispon√≠vel em http://www.hardware.com.br/termos/gateway